 % REFERANSER   %
 % CHAPTER 1    %
 
@Webpage{amqp,
  title		= {AMQP},
  publisher	= {Organization for the Advancement of Structured Information Standards (OASIS)},
  type		= {Internet},
  lastchecked = {23 Jan 2015},
  year		= {2015},
  updated	= {},
  url		= {http://www.amqp.org}
}

@Webpage{mqtt,
  title		= {MQTT},
  publisher	= {Organization for the Advancement of Structured Information Standards (OASIS)},
  type		= {Internet},
  lastchecked = {23 Jan 2015},
  year		= {2015},
  updated	= {},
  url		= {http://www.mqtt.org}
}

@Webpage{wsn-complete,
  title		= {{OASIS} {W}eb {S}ervices {N}otification {(WSN)} {TC}},
  publisher	= { Organization for the Advancement of Structured Information Standards (OASIS)},
  type		= {Internet},
  lastchecked = {23 Jan 2015},
  year      = {2015},
  updated   = {},
  url		= {https://www.oasis-open.org/committees/tc_home.php?wg_abbrev=wsn},
}

@Webpage{zero-mq,
  title		= {Code Connected - zeromq},
  publisher	= {iMatix},
  type		= {Internet},
  lastchecked = {18 Feb 2015},
  year		= {2014},
  updated	= {},
  url		= {http://zeromq.org}
}

@Webpage{dds,
  title		= {Data Distribution Service --- Wikipedia{,} The Free Encyclopedia},
  publisher	= {Wikipedia},
  type		= {Internet},
  lastchecked = {02 Feb 2015},
  year		= {2015},
  updated	= {9 Jan 2015},
  url		= {http://en.wikipedia.org/w/index.php?title=Data_Distribution_Service&oldid=641720111}
}

% CHAPTER 2     %

@Webpage{pub-sub,
   publisher = {Microsoft Corporation},
   title = {Publish/Subscribe},
   type = {Internet},
   year = {2004},
   lastchecked = {03 March 2015},
   updated   = {},
   url = {https://msdn.microsoft.com/en-us/library/ff649664.aspx},
}

@Webpage{pub-sub-image,
   publisher = {Microsoft Corporation},
   title = {Subscription to topics controls the message types that reach each subscriber},
   type = {Internet},
   year = {2004},
   lastchecked = {03 March 2015},
   updated   = {},
   url = {https://i-msdn.sec.s-msft.com/dynimg/IC141963.gif},
}

@Webpage{round-robin,
   publisher = {Wikipedia},
   title = {Round-robin --- Wikipedia{,} The Free Encyclopedia},
   type = {Internet},
   year = {2014},
   lastchecked = {20 April 2015},
   updated   = {10 Sep 2014},
   url = {http://en.wikipedia.org/w/index.php?title=Round-robin&oldid=624937059},
}

@Webpage{oasis,
  title		= {OASIS | Advancing open standards for the information society},
  publisher	= {Organization for the Advancement of Structured Information Standards (OASIS)},
  type		= {Internet},
  lastchecked = {},
  year		= {2015},
  updated	= {},
  url		= {https://www.oasis-open.org}
}

@Webpage{wsn-basenotification,
  title		= {{W}eb {S}ervices {B}ase {N}otification 1.3},
  publisher	= { Organization for the Advancement of Structured Information Standards (OASIS)},
  type		= {Internet},
  lastchecked = {23 Jan 2015},
  year		= {2006},
  updated	= {1 Oct 2006},
  url		= {http://docs.oasis-open.org/wsn/wsn-ws_base_notification-1.3-spec-os.htm}
}

@Webpage{amqp-qpid-proton,
  title		= {Qpid Proton},
  publisher	= {The Apache Software Foundation},
  type		= {Internet},
  lastchecked = {20 April 2015},
  year		= {2013},
  updated	= {},
  url		= {http://qpid.apache.org/proton/}
}

@Webpage{facebook-messenger,
  title		= {Bulding Facebook Messenger},
  publisher	= {Lucy Zhang},
  type		= {Internet},
  lastchecked = {10 Feb 2015},
  year		= {2011},
  updated	= {12 Aug 2011},
  url		= {https://www.facebook.com/notes/facebook-engineering/building-facebook-messenger/10150259350998920}
}

@Webpage{apache-apollo,
  title		= {Apollo},
  publisher	= {The Apache Software Foundation},
  type		= {Internet},
  lastchecked = {25 Feb 2015},
  year		= {2015},
  updated	= {},
  url		= {http://activemq.apache.org/apollo/}
}

@Webpage{openwire,
  title		= {OpenWire},
  publisher	= {The Apache Software Foundation},
  type		= {Internet},
  lastchecked = {},
  year		= {2004-2011},
  updated	= {},
  url		= {http://activemq.apache.org/openwire.html}
}

@Webpage{stomp,
  title		= {Stomp},
  publisher	= {},
  type		= {Internet},
  lastchecked = {},
  year		= {},
  updated	= {},
  url		= {http://stomp.github.io}
}

@Webpage{activemq,
  title		= {ActiveMQ},
  publisher	= {The Apache Software Foundation},
  type		= {Internet},
  lastchecked = {25 Feb 2015},
  year		= {2004-2011},
  updated	= {},
  url		= {http://activemq.apache.org/}
}

@Webpage{apache,
  title		= {Welcome to The Apache Software Foundation!},
  publisher	= {The Apache Software Foundation},
  type		= {Internet},
  lastchecked = {},
  year		= {2015},
  updated	= {},
  url		= {http://www.apache.org/}
}

@Webpage{red-hat,
  title		= {Red Hat | The world's open source leader},
  publisher	= {Red Hat, Inc},
  type		= {Internet},
  lastchecked = {},
  year		= {2015},
  updated	= {},
  url		= {http://www.redhat.com/}
}

@Webpage{pivotal-software,
  title		= {Home | Pivotal},
  publisher	= {Pivotal Software, Inc},
  type		= {Internet},
  lastchecked = {},
  year		= {2015},
  updated	= {},
  url		= {http://www.pivotal.io/}
}

@Webpage{scala,
  title		= {Scala},
  publisher	= {École Polytechnique Fédérale de Lausanne (EPFL)},
  type		= {Internet},
  lastchecked = {19 Feb 2015},
  year		= {2015},
  updated	= {},
  url		= {http://www.scala-lang.org/}
}

@Webpage{rabbit-mq,
  title		= {RabbitMQ - Messaging that just works},
  publisher	= {Pivotal Software, Inc},
  type		= {Internet},
  lastchecked = {25 Feb 2015},
  year		= {2015},
  updated	= {},
  url		= {http://www.rabbitmq.com/}
}

@Webpage{erlang,
  title		= {Erlang Programming Language},
  publisher	= {Erlang Solutions},
  type		= {Internet},
  lastchecked = {25 Feb 2015},
  year		= {2015},
  updated	= {},
  url		= {http://www.erlang.org/}
}

@Webpage{skype,
  title		= {Skype | Free calls to friends and family},
  publisher	= {Skype and/or Microsoft},
  type		= {Internet},
  lastchecked = {},
  year		= {2015},
  updated	= {},
  url		= {http://www.skype.com/}
}

@Webpage{java,
  title		= {java.com: Java + You},
  publisher	= {Oracle Corporation},
  type		= {Internet},
  lastchecked = {},
  year		= {2015},
  updated	= {},
  url		= {https://www.java.com/en/}
}

@Webpage{spring-framework,
  title		= {Spring Boot},
  publisher	= {Pivotal Software, Inc},
  type		= {Internet},
  lastchecked = {25 Feb 2015},
  year		= {2015},
  updated	= {},
  url		= {http://projects.spring.io/spring-boot/}
}

@Webpage{bootstrap,
  title		= {Bootstrap},
  publisher	= {},
  type		= {Internet},
  lastchecked = {25 Feb 2015},
  year		= {2015},
  updated	= {},
  url		= {http://getbootstrap.com/}
}

@Webpage{jquery,
  title		= {jQuery},
  publisher	= {The jQuery Foundation},
  type		= {Internet},
  lastchecked = {25 Feb 2015},
  year		= {2015},
  updated	= {},
  url		= {http://jquery.com/}
}

@Webpage{intellij-idea,
  title		= {IntelliJ IDEA},
  publisher	= {JetBrains s.r.o},
  type		= {Internet},
  lastchecked = {},
  year		= {2015},
  updated	= {},
  url		= {www.jetbrains.com/idea/}
}

@Webpage{maven,
  title		= {Apache Maven Project},
  publisher	= {The Apache Software Foundation},
  type		= {Internet},
  lastchecked = {},
  year		= {2015},
  updated	= {},
  url		= {http://maven.apache.org/}
}

@Webpage{gradle,
  title		= {Gradle: Build Automation for the JVM, Android, and C/C++},
  publisher	= {Gradle, Inc},
  type		= {Internet},
  lastchecked = {},
  year		= {2015},
  updated	= {},
  url		= {https://gradle.org/}
}

@Webpage{eclipse,
  title		= {Eclipse},
  publisher	= {The Eclipse Foundation},
  type		= {Internet},
  lastchecked = {},
  year		= {2015},
  updated	= {},
  url		= {http://www.eclipse.org/}
}

@Webpage{netbeans,
  title		= {Welcome to NetBeans},
  publisher	= {Oracle Corporation},
  type		= {Internet},
  lastchecked = {},
  year		= {2015},
  updated	= {},
  url		= {http://www.netbeans.org/}
}

@Webpage{test-ng,
  title		= {TestNG - Welcome},
  publisher	= {},
  type		= {Internet},
  lastchecked = {},
  year		= {2015},
  updated	= {},
  url		= {http://www.testnq.org/}
}

@Webpage{junit,
  title		= {JUnit - About},
  publisher	= {},
  type		= {Internet},
  lastchecked = {},
  year		= {2014},
  updated	= {},
  url		= {http://junit.org/}
}

@Webpage{git,
  title		= {Git},
  publisher	= {},
  type		= {Internet},
  lastchecked = {},
  year		= {2015},
  updated	= {},
  url		= {http://git-scm.com/}
}

@Webpage{github,
  title		= {GitHub},
  publisher	= {GitHub, Inc},
  type		= {Internet},
  lastchecked = {},
  year		= {2015},
  updated	= {},
  url		= {https://www.github.com/}
}

@Webpage{jenkins,
  title		= {Welcome to Jenkins CI! {|} Jenkins CI},
  publisher	= {},
  type		= {Internet},
  lastchecked = {},
  year		= {2015},
  updated	= {},
  url		= {http://jenkins-ci.org/}
}

@Webpage{gantt-project,
  title		= {GanttProject: free desktop project management app},
  publisher	= {GanttProject Team},
  type		= {Internet},
  lastchecked = {},
  year		= {2015},
  updated	= {},
  url		= {http://www.ganttproject.biz/}
}

@Webpage{google-drive,
  title		= {Google Drive - Cloud Storage {\&} File Backup for Photos, Docs {\&} More},
  publisher	= {Google},
  type		= {Internet},
  lastchecked = {},
  year		= {2015},
  updated	= {},
  url		= {https://drive.google.com/}
}

@Webpage{sharelatex,
  title		= {ShareLaTeX, Online LaTeX Editor},
  publisher	= {ShareLaTeX},
  type		= {Internet},
  lastchecked = {},
  year		= {2015},
  updated	= {},
  url		= {http://sharelatex.com/}
}

% CHAPTER 3     %
@Webpage{phase-gate-model,
   publisher = {Wikipedia},
   title = {Phase–gate model --- Wikipedia{,} The Free Encyclopedia},
   type = {Internet},
   year = {2014},
   lastchecked = {28 Jan 2015},
   updated	= {5 Dec 2014},
   url = {http://en.wikipedia.org/w/index.php?title=Phase%E2%80%93gate_model&oldid=636770760},
 }
 
@Webpage{scrum,
   publisher = {Wikipedia},
   title = {Scrum (software development) --- Wikipedia{,} The Free Encyclopedia},
   type = {Internet},
   year = {2015},
   lastchecked = {10 Feb 2015},
   updated	= {10 Feb 2015},
   url = {http://en.wikipedia.org/w/index.php?title=Scrum_(software_development)&oldid=646437369},
}

@Webpage{software-roles,
   publisher = {Jupitermedia Corp.},
   title = {Breaking Down Software Development Roles},
   type = {Internet},
   year = {2006},
   lastchecked = {},
   updated	= {},
   url = {http://www.hs-kl.de/~amueller/vorlesungen/se/breaking%20down%20software%20development%20roles.pdf},
}

@Webpage{sdlc,
   publisher = {Wikipedia},
   title = {Systems development life cycle --- Wikipedia{,} The Free Encyclopedia},
   type = {Internet},
   year = {2015},
   lastchecked = {},
   updated	= {14 Feb 2015},
   url = {http://en.wikipedia.org/w/index.php?title=Systems_development_life_cycle&oldid=647059126},
}

% CHAPTER 4     %

@Webpage{mit-license,
   publisher = {The Open Source Initiative},
   title = {The MIT License (MIT) | Open Source Initiative},
   type = {Internet},
   year = {2015},
   lastchecked = {},
   updated	= {},
   url = {http://opensource.org/licenses/MIT},
}

% CHAPTER 5     %3

@Webpage{soa,
   publisher = {Wikipedia},
   title = {Service-oriented architecture --- Wikipedia{,} The Free Encyclopedia},
   type = {Internet},
   year = {2015},
   lastchecked = {},
   updated	= {13 Feb 2015},
   url = {http://en.wikipedia.org/w/index.php?title=Service-oriented_architecture&oldid=646956163},
}

@Webpage{soc,
   publisher = {Wikipedia},
   title = {Separation of Concerns --- Wikipedia{,} The Free Encyclopedia},
   type = {Internet},
   year = {2014},
   lastchecked = {2 March 2015},
   updated	= {30 September 2014},
   url = {http://en.wikipedia.org/w/index.php?title=Separation_of_concerns&oldid=627731535},
}

@Webpage{singleton,
   publisher = {Wikipedia},
   title = {Singleton pattern --- Wikipedia{,} The Free Encyclopedia},
   type = {Internet},
   year = {2014},
   lastchecked = {2 March 2015},
   updated	= {11 December 2014},
   url = {http://en.wikipedia.org/w/index.php?title=Singleton_pattern&oldid=63761750},
}

@Webpage{module-pattern,
   publisher = {Wikipedia},
   title = {Module pattern --- Wikipedia{,} The Free Encyclopedia},
   type = {Internet},
   year = {2015},
   lastchecked = {},
   updated	= {02 March 2015},
   url = {http://en.wikipedia.org/w/index.php?title=Module_pattern&oldid=649466863},
}

@Webpage{reactor-pattern,
   publisher = {Wikipedia},
   title = {Reactor pattern --- Wikipedia{,} The Free Encyclopedia},
   type = {Internet},
   year = {2015},
   lastchecked = {},
   updated	= {03 Feb 2015},
   url = {http://en.wikipedia.org/w/index.php?title=Reactor_pattern&oldid=645507904},
}

@Webpage{event-loop,
   publisher = {Wikipedia},
   title = {Event loop --- Wikipedia{,} The Free Encyclopedia},
   type = {Internet},
   year = {2015},
   lastchecked = {},
   updated	= {04 April 2015},
   url = {http://en.wikipedia.org/w/index.php?title=Event_loop&oldid=654851862},
}

% CHAPTER 6     %

@Webpage{test-plan,
   publisher = {},
   title = {Test Plan Outline (IEEE 829 Format)},
   type = {Internet},
   year = {2015},
   lastchecked = {},
   updated	= {},
   url = {http://www.computing.dcu.ie/~davids/courses/CA267/ieee829mtp.pdf},
}

@Webpage{wsn-brokerednotification,
  title		= {{W}eb {S}ervices {B}rokered {N}otification 1.3},
  publisher	= { Organization for the Advancement of Structured Information Standards (OASIS)},
  type		= {Internet},
  lastchecked = {1 Feb 2015},
  year		= {2006},
  updated	= {1 Oct 2006},
  url		= {http://docs.oasis-open.org/wsn/wsn-ws_brokered_notification-1.3-spec-os.pdf}
}


@Webpage{smoke-test,
   publisher = {Wikipedia},
   title = {Smoke testing (software) --- Wikipedia{,} The Free Encyclopedia},
   type = {Internet},
   year = {2015},
   lastchecked = {14 May 2015},
   updated	= {7 May 2015},
   url = {http://en.wikipedia.org/w/index.php?title=Smoke_testing_(software)&oldid=661237168},
}
% CHAPTER 7     %

% CHAPTER 8     %
@Webpage{web-sockets,
  title		= {The Benefits of WebSocket},
  publisher	= {Kaazing Corporation},
  type		= {Internet},
  lastchecked = {},
  year		= {},
  updated	= {},
  url		= {https://www.websocket.org/quantum.html}
}

@Webpage{apache-qpid,
  title		= {Home - Apache Qpid},
  publisher	= {The Apache Software Foundation},
  type		= {Internet},
  lastchecked = {},
  year		= {2013},
  updated	= {},
  url		= {https://qpid.apache.org}
}

@Webpage{swift-mq,
  title		= {SwiftMQ.COM},
  publisher	= {IIT Software GmbH},
  type		= {Internet},
  lastchecked = {},
  year		= {2015},
  updated	= {},
  url		= {http://www.swiftmq.com}
}

% CHAPTER 9     %

@Webpage{sasl,
   publisher = {Wikipedia},
   title = {Simple Authentication and Security Layer --- Wikipedia{,} The Free Encyclopedia},
   type = {Internet},
   year = {2015},
   lastchecked = {},
   updated	= {19 Jan 2015},
   url = {http://en.wikipedia.org/w/index.php?title=Simple_Authentication_and_Security_Layer&oldid=643202396},
}

@Webpage{moquette-mqtt,
   publisher = {The Eclipse Foundation},
   title = {Moquette MQTT},
   type = {Internet},
   year = {},
   lastchecked = {},
   updated	= {},
   url = {https://projects.eclipse.org/proposals/moquette-mqtt},
}

@Webpage{imatix,
   publisher = {iMatix},
   title = {Distributed systems are in our blood},
   type = {Internet},
   year = {},
   lastchecked = {},
   updated	= {},
   url = {http://www.imatix.com},
}

@Webpage{jero-mq,
   publisher = {iMatix},
   title = {zeromq/jeromq},
   type = {Internet},
   year = {},
   lastchecked = {},
   updated	= {},
   url = {https://github.com/zeromq/jeromq},
}